@Book{ KrieselNN, 
	author = { David Kriesel }, 
	title = { A Brief Introduction to Neural Networks },
	year = { 2007 }, 
	url =   {available at http://www.dkriesel.com } 
}

@incollection{BisbySHM, 
	Author = "LA. Bisby", 
	title = "An introduction to structural health monitoring", 
	booktitle = "ISIS Educational Module 5", 
	publisher = "Department of Civil Engineering, Queen's University",
	year = "Canada, 2014"
}

@inproceedings{Smarsly2014,
	title={A Decentralized Approach towards Autonomous Fault Detection in Wireless Structural Health Monitoring Systems},
	author={Smarsly, Kay and Petryna, Yuri},
	booktitle={EWSHM-7th European Workshop on Structural Health Monitoring},
	year={2014}
}
@article{Li2011,
	title={Damage identification in civil engineering structures utilizing PCA-compressed residual frequency response functions and neural network ensembles},
	author={Li, Jianchun and Dackermann, Ulrike and Xu, You-Lin and Samali, Bijan},
	journal={Structural Control and Health Monitoring},
	volume={18},
	number={2},
	pages={207--226},
	year={2011},
	publisher={Wiley Online Library}
}

@manual{eDemo2010,
	address = {Santa Clara},
	title={Sun SPOT eDEMO Technical Datasheet},
	year = {2010},
	organization = {Sun Labs},
	edition = {8}

	
}
